%YAML 1.1
%TAG !u! tag:unity3d.com,2011:
--- !u!1 &6628613638666867955
GameObject:
  m_ObjectHideFlags: 0
  m_CorrespondingSourceObject: {fileID: 100006, guid: b8b03d395f5734e98af91ccf44f9bf47,
    type: 2}
  m_PrefabInstance: {fileID: 0}
  m_PrefabAsset: {fileID: 0}
  serializedVersion: 6
  m_Component:
  - component: {fileID: 6628613638666867945}
  - component: {fileID: 6628613638666867944}
  - component: {fileID: 6628613638666867959}
  - component: {fileID: 6628613638666867957}
  - component: {fileID: 6628613638666867946}
  m_Layer: 0
  m_Name: Main Camera
  m_TagString: MainCamera
  m_Icon: {fileID: 0}
  m_NavMeshLayer: 0
  m_StaticEditorFlags: 0
  m_IsActive: 1
--- !u!4 &6628613638666867945
Transform:
  m_ObjectHideFlags: 0
  m_CorrespondingSourceObject: {fileID: 400006, guid: b8b03d395f5734e98af91ccf44f9bf47,
    type: 2}
  m_PrefabInstance: {fileID: 0}
  m_PrefabAsset: {fileID: 0}
  m_GameObject: {fileID: 6628613638666867955}
  m_LocalRotation: {x: -0, y: -0, z: -0, w: 1}
  m_LocalPosition: {x: 0, y: 0, z: -0.319}
  m_LocalScale: {x: 1, y: 1, z: 1}
  m_Children:
  - {fileID: 6628613638795513048}
  m_Father: {fileID: 6628613638719899472}
  m_RootOrder: 0
  m_LocalEulerAnglesHint: {x: 0, y: 0, z: 0}
--- !u!20 &6628613638666867944
Camera:
  m_ObjectHideFlags: 0
  m_CorrespondingSourceObject: {fileID: 2000004, guid: b8b03d395f5734e98af91ccf44f9bf47,
    type: 2}
  m_PrefabInstance: {fileID: 0}
  m_PrefabAsset: {fileID: 0}
  m_GameObject: {fileID: 6628613638666867955}
  m_Enabled: 1
  serializedVersion: 2
  m_ClearFlags: 2
  m_BackGroundColor: {r: 0.19215687, g: 0.3019608, b: 0.4745098, a: 0.019607844}
  m_projectionMatrixMode: 1
  m_GateFitMode: 2
  m_FOVAxisMode: 0
  m_SensorSize: {x: 36, y: 24}
  m_LensShift: {x: 0, y: 0}
  m_FocalLength: 50
  m_NormalizedViewPortRect:
    serializedVersion: 2
    x: 0
    y: 0
    width: 1
    height: 1
  near clip plane: 0.03
  far clip plane: 1000
  field of view: 60
  orthographic: 0
  orthographic size: 5
  m_Depth: 0
  m_CullingMask:
    serializedVersion: 2
    m_Bits: 4294967295
  m_RenderingPath: -1
  m_TargetTexture: {fileID: 0}
  m_TargetDisplay: 0
  m_TargetEye: 3
  m_HDR: 0
  m_AllowMSAA: 1
  m_AllowDynamicResolution: 0
  m_ForceIntoRT: 0
  m_OcclusionCulling: 1
  m_StereoConvergence: 10
  m_StereoSeparation: 0.022
--- !u!124 &6628613638666867959
Behaviour:
  m_ObjectHideFlags: 0
  m_CorrespondingSourceObject: {fileID: 12400004, guid: b8b03d395f5734e98af91ccf44f9bf47,
    type: 2}
  m_PrefabInstance: {fileID: 0}
  m_PrefabAsset: {fileID: 0}
  m_GameObject: {fileID: 6628613638666867955}
  m_Enabled: 1
--- !u!81 &6628613638666867957
AudioListener:
  m_ObjectHideFlags: 0
  m_CorrespondingSourceObject: {fileID: 8100000, guid: b8b03d395f5734e98af91ccf44f9bf47,
    type: 2}
  m_PrefabInstance: {fileID: 0}
  m_PrefabAsset: {fileID: 0}
  m_GameObject: {fileID: 6628613638666867955}
  m_Enabled: 1
--- !u!114 &6628613638666867946
MonoBehaviour:
  m_ObjectHideFlags: 0
  m_CorrespondingSourceObject: {fileID: 0}
  m_PrefabInstance: {fileID: 0}
  m_PrefabAsset: {fileID: 0}
  m_GameObject: {fileID: 6628613638666867955}
  m_Enabled: 1
  m_EditorHideFlags: 0
  m_Script: {fileID: 11500000, guid: eb5dd43baba2d4dc1bab789615567e3d, type: 3}
  m_Name: 
  m_EditorClassIdentifier: 
  raycasterEventMask:
    serializedVersion: 2
    m_Bits: 4294967295
  maxRaycastHits: 64
--- !u!1 &6628613638719899487
GameObject:
  m_ObjectHideFlags: 0
  m_CorrespondingSourceObject: {fileID: 0}
  m_PrefabInstance: {fileID: 0}
  m_PrefabAsset: {fileID: 0}
  serializedVersion: 6
  m_Component:
  - component: {fileID: 6628613638719899472}
  m_Layer: 0
  m_Name: Player
  m_TagString: Untagged
  m_Icon: {fileID: 0}
  m_NavMeshLayer: 0
  m_StaticEditorFlags: 0
  m_IsActive: 1
--- !u!4 &6628613638719899472
Transform:
  m_ObjectHideFlags: 0
  m_CorrespondingSourceObject: {fileID: 0}
  m_PrefabInstance: {fileID: 0}
  m_PrefabAsset: {fileID: 0}
  m_GameObject: {fileID: 6628613638719899487}
  m_LocalRotation: {x: -0, y: -0, z: -0, w: 1}
  m_LocalPosition: {x: 22.091293, y: 1.400102, z: -3.41297}
  m_LocalScale: {x: 1, y: 1, z: 1}
  m_Children:
  - {fileID: 6628613638666867945}
  - {fileID: 6628613639721687373}
  m_Father: {fileID: 7445040213535604266}
  m_RootOrder: 6
  m_LocalEulerAnglesHint: {x: 0, y: 0, z: 0}
--- !u!1 &9114122913430059349
GameObject:
  m_ObjectHideFlags: 0
  m_CorrespondingSourceObject: {fileID: 0}
  m_PrefabInstance: {fileID: 0}
  m_PrefabAsset: {fileID: 0}
  serializedVersion: 6
  m_Component:
  - component: {fileID: 7445040213535604266}
  m_Layer: 0
  m_Name: Player'sPrefab
  m_TagString: Untagged
  m_Icon: {fileID: 0}
  m_NavMeshLayer: 0
  m_StaticEditorFlags: 0
  m_IsActive: 1
--- !u!4 &7445040213535604266
Transform:
  m_ObjectHideFlags: 0
  m_CorrespondingSourceObject: {fileID: 0}
  m_PrefabInstance: {fileID: 0}
  m_PrefabAsset: {fileID: 0}
  m_GameObject: {fileID: 9114122913430059349}
  m_LocalRotation: {x: 0, y: 0, z: 0, w: 1}
  m_LocalPosition: {x: -22.091293, y: 0.199898, z: 1.92497}
  m_LocalScale: {x: 1, y: 1, z: 1}
  m_Children:
  - {fileID: 6628613640044805541}
  - {fileID: 6625820900678711697}
  - {fileID: 6628613639250890427}
  - {fileID: 6628613638688578808}
  - {fileID: 6625820900995987544}
  - {fileID: 6628613639161664884}
  - {fileID: 6628613638719899472}
  m_Father: {fileID: 0}
  m_RootOrder: 0
  m_LocalEulerAnglesHint: {x: 0, y: 0, z: 0}
--- !u!1001 &6628613638688081428
PrefabInstance:
  m_ObjectHideFlags: 0
  serializedVersion: 2
  m_Modification:
    m_TransformParent: {fileID: 7445040213535604266}
    m_Modifications:
    - target: {fileID: 498412, guid: 970dd4b9371394fb4890965f608d46fd, type: 3}
      propertyPath: m_LocalPosition.x
      value: 22.091293
      objectReference: {fileID: 0}
    - target: {fileID: 498412, guid: 970dd4b9371394fb4890965f608d46fd, type: 3}
      propertyPath: m_LocalPosition.y
      value: -0.199898
      objectReference: {fileID: 0}
    - target: {fileID: 498412, guid: 970dd4b9371394fb4890965f608d46fd, type: 3}
      propertyPath: m_LocalPosition.z
      value: -1.92497
      objectReference: {fileID: 0}
    - target: {fileID: 498412, guid: 970dd4b9371394fb4890965f608d46fd, type: 3}
      propertyPath: m_LocalRotation.x
      value: -0
      objectReference: {fileID: 0}
    - target: {fileID: 498412, guid: 970dd4b9371394fb4890965f608d46fd, type: 3}
      propertyPath: m_LocalRotation.y
      value: -0
      objectReference: {fileID: 0}
    - target: {fileID: 498412, guid: 970dd4b9371394fb4890965f608d46fd, type: 3}
      propertyPath: m_LocalRotation.z
      value: -0
      objectReference: {fileID: 0}
    - target: {fileID: 498412, guid: 970dd4b9371394fb4890965f608d46fd, type: 3}
      propertyPath: m_LocalRotation.w
      value: 1
      objectReference: {fileID: 0}
    - target: {fileID: 498412, guid: 970dd4b9371394fb4890965f608d46fd, type: 3}
      propertyPath: m_RootOrder
      value: 3
      objectReference: {fileID: 0}
    m_RemovedComponents: []
  m_SourcePrefab: {fileID: 100100000, guid: 970dd4b9371394fb4890965f608d46fd, type: 3}
--- !u!4 &6628613638688578808 stripped
Transform:
  m_CorrespondingSourceObject: {fileID: 498412, guid: 970dd4b9371394fb4890965f608d46fd,
    type: 3}
  m_PrefabInstance: {fileID: 6628613638688081428}
  m_PrefabAsset: {fileID: 0}
--- !u!1001 &6628613638795040548
PrefabInstance:
  m_ObjectHideFlags: 0
  serializedVersion: 2
  m_Modification:
    m_TransformParent: {fileID: 6628613638666867945}
    m_Modifications:
    - target: {fileID: 482300, guid: 60270cf52a5e94998a5a335989159738, type: 3}
      propertyPath: m_LocalPosition.x
      value: 0
      objectReference: {fileID: 0}
    - target: {fileID: 482300, guid: 60270cf52a5e94998a5a335989159738, type: 3}
      propertyPath: m_LocalPosition.y
      value: 0
      objectReference: {fileID: 0}
    - target: {fileID: 482300, guid: 60270cf52a5e94998a5a335989159738, type: 3}
      propertyPath: m_LocalPosition.z
      value: 0
      objectReference: {fileID: 0}
    - target: {fileID: 482300, guid: 60270cf52a5e94998a5a335989159738, type: 3}
      propertyPath: m_LocalRotation.x
      value: 0
      objectReference: {fileID: 0}
    - target: {fileID: 482300, guid: 60270cf52a5e94998a5a335989159738, type: 3}
      propertyPath: m_LocalRotation.y
      value: 0
      objectReference: {fileID: 0}
    - target: {fileID: 482300, guid: 60270cf52a5e94998a5a335989159738, type: 3}
      propertyPath: m_LocalRotation.z
      value: 0
      objectReference: {fileID: 0}
    - target: {fileID: 482300, guid: 60270cf52a5e94998a5a335989159738, type: 3}
      propertyPath: m_LocalRotation.w
      value: 1
      objectReference: {fileID: 0}
    - target: {fileID: 482300, guid: 60270cf52a5e94998a5a335989159738, type: 3}
      propertyPath: m_RootOrder
      value: 0
      objectReference: {fileID: 0}
    m_RemovedComponents: []
  m_SourcePrefab: {fileID: 100100000, guid: 60270cf52a5e94998a5a335989159738, type: 3}
--- !u!4 &6628613638795513048 stripped
Transform:
  m_CorrespondingSourceObject: {fileID: 482300, guid: 60270cf52a5e94998a5a335989159738,
    type: 3}
  m_PrefabInstance: {fileID: 6628613638795040548}
  m_PrefabAsset: {fileID: 0}
--- !u!1001 &6628613638862112941
PrefabInstance:
  m_ObjectHideFlags: 0
  serializedVersion: 2
  m_Modification:
    m_TransformParent: {fileID: 7445040213535604266}
    m_Modifications:
    - target: {fileID: 4000010886689084, guid: d638298e697ca4e9b91853efadd0e6da, type: 3}
      propertyPath: m_LocalPosition.x
      value: 22.091293
      objectReference: {fileID: 0}
    - target: {fileID: 4000010886689084, guid: d638298e697ca4e9b91853efadd0e6da, type: 3}
      propertyPath: m_LocalPosition.y
      value: -0.199898
      objectReference: {fileID: 0}
    - target: {fileID: 4000010886689084, guid: d638298e697ca4e9b91853efadd0e6da, type: 3}
      propertyPath: m_LocalPosition.z
      value: -1.92497
      objectReference: {fileID: 0}
    - target: {fileID: 4000010886689084, guid: d638298e697ca4e9b91853efadd0e6da, type: 3}
      propertyPath: m_LocalRotation.x
      value: -0
      objectReference: {fileID: 0}
    - target: {fileID: 4000010886689084, guid: d638298e697ca4e9b91853efadd0e6da, type: 3}
      propertyPath: m_LocalRotation.y
      value: -0
      objectReference: {fileID: 0}
    - target: {fileID: 4000010886689084, guid: d638298e697ca4e9b91853efadd0e6da, type: 3}
      propertyPath: m_LocalRotation.z
      value: -0
      objectReference: {fileID: 0}
    - target: {fileID: 4000010886689084, guid: d638298e697ca4e9b91853efadd0e6da, type: 3}
      propertyPath: m_LocalRotation.w
      value: 1
      objectReference: {fileID: 0}
    - target: {fileID: 4000010886689084, guid: d638298e697ca4e9b91853efadd0e6da, type: 3}
      propertyPath: m_RootOrder
      value: 1
      objectReference: {fileID: 0}
    m_RemovedComponents: []
  m_SourcePrefab: {fileID: 100100000, guid: d638298e697ca4e9b91853efadd0e6da, type: 3}
--- !u!4 &6625820900678711697 stripped
Transform:
  m_CorrespondingSourceObject: {fileID: 4000010886689084, guid: d638298e697ca4e9b91853efadd0e6da,
    type: 3}
  m_PrefabInstance: {fileID: 6628613638862112941}
  m_PrefabAsset: {fileID: 0}
--- !u!1001 &6628613639243629933
PrefabInstance:
  m_ObjectHideFlags: 0
  serializedVersion: 2
  m_Modification:
    m_TransformParent: {fileID: 6628613638719899472}
    m_Modifications:
    - target: {fileID: 555767533, guid: 34c21f523e72f45509a4e37ed0293c3b, type: 3}
      propertyPath: m_Name
      value: GvrControllerPointer0
      objectReference: {fileID: 0}
    - target: {fileID: 1820761120, guid: 34c21f523e72f45509a4e37ed0293c3b, type: 3}
      propertyPath: m_LocalPosition.x
      value: 0
      objectReference: {fileID: 0}
    - target: {fileID: 1820761120, guid: 34c21f523e72f45509a4e37ed0293c3b, type: 3}
      propertyPath: m_LocalPosition.y
      value: 0
      objectReference: {fileID: 0}
    - target: {fileID: 1820761120, guid: 34c21f523e72f45509a4e37ed0293c3b, type: 3}
      propertyPath: m_LocalPosition.z
      value: 0
      objectReference: {fileID: 0}
    - target: {fileID: 1820761120, guid: 34c21f523e72f45509a4e37ed0293c3b, type: 3}
      propertyPath: m_LocalRotation.x
      value: -0
      objectReference: {fileID: 0}
    - target: {fileID: 1820761120, guid: 34c21f523e72f45509a4e37ed0293c3b, type: 3}
      propertyPath: m_LocalRotation.y
      value: -0
      objectReference: {fileID: 0}
    - target: {fileID: 1820761120, guid: 34c21f523e72f45509a4e37ed0293c3b, type: 3}
      propertyPath: m_LocalRotation.z
      value: -0
      objectReference: {fileID: 0}
    - target: {fileID: 1820761120, guid: 34c21f523e72f45509a4e37ed0293c3b, type: 3}
      propertyPath: m_LocalRotation.w
      value: 1
      objectReference: {fileID: 0}
    - target: {fileID: 1820761120, guid: 34c21f523e72f45509a4e37ed0293c3b, type: 3}
      propertyPath: m_RootOrder
      value: 1
      objectReference: {fileID: 0}
    m_RemovedComponents: []
  m_SourcePrefab: {fileID: 100100000, guid: 34c21f523e72f45509a4e37ed0293c3b, type: 3}
--- !u!4 &6628613639721687373 stripped
Transform:
  m_CorrespondingSourceObject: {fileID: 1820761120, guid: 34c21f523e72f45509a4e37ed0293c3b,
    type: 3}
  m_PrefabInstance: {fileID: 6628613639243629933}
  m_PrefabAsset: {fileID: 0}
--- !u!1001 &6628613639251015093
PrefabInstance:
  m_ObjectHideFlags: 0
  serializedVersion: 2
  m_Modification:
    m_TransformParent: {fileID: 7445040213535604266}
    m_Modifications:
    - target: {fileID: 424718, guid: 5ca80f4596fa44b87912a0592346d260, type: 3}
      propertyPath: m_LocalPosition.x
      value: 22.091293
      objectReference: {fileID: 0}
    - target: {fileID: 424718, guid: 5ca80f4596fa44b87912a0592346d260, type: 3}
      propertyPath: m_LocalPosition.y
      value: -0.199898
      objectReference: {fileID: 0}
    - target: {fileID: 424718, guid: 5ca80f4596fa44b87912a0592346d260, type: 3}
      propertyPath: m_LocalPosition.z
      value: -1.92497
      objectReference: {fileID: 0}
    - target: {fileID: 424718, guid: 5ca80f4596fa44b87912a0592346d260, type: 3}
      propertyPath: m_LocalRotation.x
      value: -0
      objectReference: {fileID: 0}
    - target: {fileID: 424718, guid: 5ca80f4596fa44b87912a0592346d260, type: 3}
      propertyPath: m_LocalRotation.y
      value: -0
      objectReference: {fileID: 0}
    - target: {fileID: 424718, guid: 5ca80f4596fa44b87912a0592346d260, type: 3}
      propertyPath: m_LocalRotation.z
      value: -0
      objectReference: {fileID: 0}
    - target: {fileID: 424718, guid: 5ca80f4596fa44b87912a0592346d260, type: 3}
      propertyPath: m_LocalRotation.w
      value: 1
      objectReference: {fileID: 0}
    - target: {fileID: 424718, guid: 5ca80f4596fa44b87912a0592346d260, type: 3}
      propertyPath: m_RootOrder
      value: 2
      objectReference: {fileID: 0}
    m_RemovedComponents: []
  m_SourcePrefab: {fileID: 100100000, guid: 5ca80f4596fa44b87912a0592346d260, type: 3}
--- !u!4 &6628613639250890427 stripped
Transform:
  m_CorrespondingSourceObject: {fileID: 424718, guid: 5ca80f4596fa44b87912a0592346d260,
    type: 3}
  m_PrefabInstance: {fileID: 6628613639251015093}
  m_PrefabAsset: {fileID: 0}
--- !u!1001 &6628613640517669280
PrefabInstance:
  m_ObjectHideFlags: 0
  serializedVersion: 2
  m_Modification:
    m_TransformParent: {fileID: 7445040213535604266}
    m_Modifications:
    - target: {fileID: 4000012185119224, guid: ce7abbbeb276a1547bd8ce1069fdabb7, type: 3}
      propertyPath: m_LocalPosition.x
      value: 22.091293
      objectReference: {fileID: 0}
    - target: {fileID: 4000012185119224, guid: ce7abbbeb276a1547bd8ce1069fdabb7, type: 3}
      propertyPath: m_LocalPosition.y
      value: -0.191898
      objectReference: {fileID: 0}
    - target: {fileID: 4000012185119224, guid: ce7abbbeb276a1547bd8ce1069fdabb7, type: 3}
      propertyPath: m_LocalPosition.z
      value: -3.05797
      objectReference: {fileID: 0}
    - target: {fileID: 4000012185119224, guid: ce7abbbeb276a1547bd8ce1069fdabb7, type: 3}
      propertyPath: m_LocalRotation.x
      value: -0
      objectReference: {fileID: 0}
    - target: {fileID: 4000012185119224, guid: ce7abbbeb276a1547bd8ce1069fdabb7, type: 3}
      propertyPath: m_LocalRotation.y
      value: -0
      objectReference: {fileID: 0}
    - target: {fileID: 4000012185119224, guid: ce7abbbeb276a1547bd8ce1069fdabb7, type: 3}
      propertyPath: m_LocalRotation.z
      value: -0
      objectReference: {fileID: 0}
    - target: {fileID: 4000012185119224, guid: ce7abbbeb276a1547bd8ce1069fdabb7, type: 3}
      propertyPath: m_LocalRotation.w
      value: 1
      objectReference: {fileID: 0}
    - target: {fileID: 4000012185119224, guid: ce7abbbeb276a1547bd8ce1069fdabb7, type: 3}
      propertyPath: m_RootOrder
      value: 4
      objectReference: {fileID: 0}
    m_RemovedComponents: []
  m_SourcePrefab: {fileID: 100100000, guid: ce7abbbeb276a1547bd8ce1069fdabb7, type: 3}
--- !u!4 &6625820900995987544 stripped
Transform:
  m_CorrespondingSourceObject: {fileID: 4000012185119224, guid: ce7abbbeb276a1547bd8ce1069fdabb7,
    type: 3}
  m_PrefabInstance: {fileID: 6628613640517669280}
  m_PrefabAsset: {fileID: 0}
--- !u!1001 &6628613640536751731
PrefabInstance:
  m_ObjectHideFlags: 0
  serializedVersion: 2
  m_Modification:
    m_TransformParent: {fileID: 7445040213535604266}
    m_Modifications:
    - target: {fileID: 4000010917943472, guid: 463285ecd6702471a909ba810832bf0e, type: 3}
      propertyPath: m_LocalPosition.x
      value: 0
      objectReference: {fileID: 0}
    - target: {fileID: 4000010917943472, guid: 463285ecd6702471a909ba810832bf0e, type: 3}
      propertyPath: m_LocalPosition.y
      value: 0
      objectReference: {fileID: 0}
    - target: {fileID: 4000010917943472, guid: 463285ecd6702471a909ba810832bf0e, type: 3}
      propertyPath: m_LocalPosition.z
      value: 0
      objectReference: {fileID: 0}
    - target: {fileID: 4000010917943472, guid: 463285ecd6702471a909ba810832bf0e, type: 3}
      propertyPath: m_LocalRotation.x
      value: 0
      objectReference: {fileID: 0}
    - target: {fileID: 4000010917943472, guid: 463285ecd6702471a909ba810832bf0e, type: 3}
      propertyPath: m_LocalRotation.y
      value: 0
      objectReference: {fileID: 0}
    - target: {fileID: 4000010917943472, guid: 463285ecd6702471a909ba810832bf0e, type: 3}
      propertyPath: m_LocalRotation.z
      value: 0
      objectReference: {fileID: 0}
    - target: {fileID: 4000010917943472, guid: 463285ecd6702471a909ba810832bf0e, type: 3}
      propertyPath: m_LocalRotation.w
      value: 1
      objectReference: {fileID: 0}
    - target: {fileID: 4000010917943472, guid: 463285ecd6702471a909ba810832bf0e, type: 3}
      propertyPath: m_RootOrder
      value: 9
      objectReference: {fileID: 0}
    - target: {fileID: 766346198, guid: 463285ecd6702471a909ba810832bf0e, type: 3}
      propertyPath: m_LocalRotation.x
      value: -0
      objectReference: {fileID: 0}
    - target: {fileID: 766346198, guid: 463285ecd6702471a909ba810832bf0e, type: 3}
      propertyPath: m_LocalRotation.y
      value: -0
      objectReference: {fileID: 0}
    - target: {fileID: 766346198, guid: 463285ecd6702471a909ba810832bf0e, type: 3}
      propertyPath: m_LocalRotation.z
      value: -0
      objectReference: {fileID: 0}
    - target: {fileID: 766346198, guid: 463285ecd6702471a909ba810832bf0e, type: 3}
      propertyPath: m_LocalPosition.x
      value: 22.091293
      objectReference: {fileID: 0}
    - target: {fileID: 766346198, guid: 463285ecd6702471a909ba810832bf0e, type: 3}
      propertyPath: m_LocalPosition.y
      value: -0.199898
      objectReference: {fileID: 0}
    - target: {fileID: 766346198, guid: 463285ecd6702471a909ba810832bf0e, type: 3}
      propertyPath: m_LocalPosition.z
      value: -1.92497
      objectReference: {fileID: 0}
    m_RemovedComponents: []
  m_SourcePrefab: {fileID: 100100000, guid: 463285ecd6702471a909ba810832bf0e, type: 3}
--- !u!4 &6628613640044805541 stripped
Transform:
  m_CorrespondingSourceObject: {fileID: 766346198, guid: 463285ecd6702471a909ba810832bf0e,
    type: 3}
  m_PrefabInstance: {fileID: 6628613640536751731}
  m_PrefabAsset: {fileID: 0}
--- !u!1001 &6628613640620349863
PrefabInstance:
  m_ObjectHideFlags: 0
  serializedVersion: 2
  m_Modification:
    m_TransformParent: {fileID: 7445040213535604266}
    m_Modifications:
    - target: {fileID: 1509313747, guid: 87c35d808850c410ca0e398a8da84e68, type: 3}
      propertyPath: m_LocalPosition.x
      value: 22.091293
      objectReference: {fileID: 0}
    - target: {fileID: 1509313747, guid: 87c35d808850c410ca0e398a8da84e68, type: 3}
      propertyPath: m_LocalPosition.y
      value: -0.199898
      objectReference: {fileID: 0}
    - target: {fileID: 1509313747, guid: 87c35d808850c410ca0e398a8da84e68, type: 3}
      propertyPath: m_LocalPosition.z
      value: -1.92497
      objectReference: {fileID: 0}
    - target: {fileID: 1509313747, guid: 87c35d808850c410ca0e398a8da84e68, type: 3}
      propertyPath: m_LocalRotation.x
      value: -0
      objectReference: {fileID: 0}
    - target: {fileID: 1509313747, guid: 87c35d808850c410ca0e398a8da84e68, type: 3}
      propertyPath: m_LocalRotation.y
      value: -0
      objectReference: {fileID: 0}
    - target: {fileID: 1509313747, guid: 87c35d808850c410ca0e398a8da84e68, type: 3}
      propertyPath: m_LocalRotation.z
      value: -0
      objectReference: {fileID: 0}
    - target: {fileID: 1509313747, guid: 87c35d808850c410ca0e398a8da84e68, type: 3}
      propertyPath: m_LocalRotation.w
      value: 1
      objectReference: {fileID: 0}
    - target: {fileID: 1509313747, guid: 87c35d808850c410ca0e398a8da84e68, type: 3}
      propertyPath: m_RootOrder
      value: 5
      objectReference: {fileID: 0}
    - target: {fileID: 114055343288806878, guid: 87c35d808850c410ca0e398a8da84e68,
        type: 3}
      propertyPath: safetyRing
      value: 
      objectReference: {fileID: 0}
    m_RemovedComponents: []
  m_SourcePrefab: {fileID: 100100000, guid: 87c35d808850c410ca0e398a8da84e68, type: 3}
--- !u!4 &6628613639161664884 stripped
Transform:
  m_CorrespondingSourceObject: {fileID: 1509313747, guid: 87c35d808850c410ca0e398a8da84e68,
    type: 3}
  m_PrefabInstance: {fileID: 6628613640620349863}
  m_PrefabAsset: {fileID: 0}
